@book{ aho1972,
 author = {Aho, Alfred V. and Ullman, Jeffrey D.},
 title = {The Theory of Parsing, Translation, and Compiling},
 year = {1972},
 isbn = {0-13-914556-7},
 publisher = {Prentice-Hall, Inc.},
 address = {Upper Saddle River, NJ, USA},
} 

@incollection{ bove2009,
 author = {Bove, Ana and Dybjer, Peter},
 title = {Dependent Types at Work},
 booktitle = {Language Engineering and Rigorous Software Development},
 editor = {Bove, Ana and Barbosa, Lu\'{\i}s Soares and Pardo, Alberto and Pinto, Jorge Sousa},
 year = {2009},
 isbn = {978-3-642-03152-6},
 pages = {57--99},
 numpages = {43},
 url = {http://dx.doi.org/10.1007/978-3-642-03153-3_2},
 doi = {10.1007/978-3-642-03153-3_2},
 acmid = {1614480},
 publisher = {Springer-Verlag},
 address = {Berlin, Heidelberg},
} 

@inproceedings{ firsov2013,
 author = {Firsov, Denis and Uustalu, Tarmo},
 title = {Certified Parsing of Regular Languages},
 booktitle = {Proceedings of the Third International Conference on Certified Programs and Proofs - Volume 8307},
 year = {2013},
 isbn = {978-3-319-03544-4},
 pages = {98--113},
 numpages = {16},
 url = {http://dx.doi.org/10.1007/978-3-319-03545-1_7},
 doi = {10.1007/978-3-319-03545-1_7},
 acmid = {2695040},
 publisher = {Springer-Verlag New York, Inc.},
 address = {New York, NY, USA},
} 


@MISC{ martin1984,
       author = {Per Martin-L{\"o}f},
       title = {Intuitionistic Type Theory},
       year = {1984},
       howpublished = {\url{http://www.csie.ntu.edu.tw/~b94087/ITT.pdf}}
}

@MISC{ norell2007,
    author = {Norell, Ulf},
    title = {Towards a practical programming language based on dependent type theory},
    year = {2007},
    howpublished = {\url{http://www.cse.chalmers.se/~ulfn/papers/thesis.pdf}}
}

@inproceedings{ norell2008,
 author = {Norell, Ulf},
 title = {Dependently Typed Programming in Agda},
 booktitle = {Proceedings of the 6th International Conference on Advanced Functional Programming},
 series = {AFP'08},
 year = {2009},
 isbn = {3-642-04651-7, 978-3-642-04651-3},
 location = {Heijen, The Netherlands},
 pages = {230--266},
 numpages = {37},
 url = {http://dl.acm.org/citation.cfm?id=1813347.1813352},
 acmid = {1813352},
 publisher = {Springer-Verlag},
 address = {Berlin, Heidelberg},
} 


@MISC{ agdawiki2016,
  key = {T}, 
  title = {The Agda Wiki},
  howpublished = {\url{http://wiki.portal.chalmers.se/agda/pmwiki.php?n=Main.HomePage}},
  note = {Accessed: 12th March 2016}
}

@MISC{ avigad2000,
    author = {Avigad, Jeremy},
    title = {Classical and constructive logic},
    year = {2000},
    howpublished = "\url{https://www.andrew.cmu.edu/user/avigad/Teaching/classical.pdf}"
}

@inproceedings{ curry1934,
    author = {Curry, H. B.},
    booktitle = {Proceedings of the National Academy of Sciences of the United States of America},
    citeulike-article-id = {6931220},
    citeulike-linkout-0 = {http://view.ncbi.nlm.nih.gov/pubmed/16577644},
    citeulike-linkout-1 = {http://www.hubmed.org/display.cgi?uids=16577644},
    issn = {0027-8424},
    journal = {Proceedings of the National Academy of Sciences of the United States of America},
    keywords = {lambda\_calculus, types},
    month = nov,
    pages = {584--590},
    pmid = {16577644},
    posted-at = {2010-03-31 06:20:19},
    priority = {2},
    title = {{Functionality in Combinatory Logic.}},
    url = {http://view.ncbi.nlm.nih.gov/pubmed/16577644},
    volume = {20},
    year = {1934}
}



@inproceedings{ bruijn1968,
author="Bruijn, N. G.",
editor="Siekmann, J{\"o}rg H. and Wrightson, Graham",
title="AUTOMATH, a Language for Mathematics",
booktitle="Automation of Reasoning: 2: Classical Papers on Computational Logic 1967--1970",
year="1983",
publisher="Springer Berlin Heidelberg",
address="Berlin, Heidelberg",
pages="159--200",
isbn="978-3-642-81955-1",
}

@incollection{ howard1969,
	title = {The Formul\ae-as-Types Notion of Construction},
	publisher = {Academia},
	author = {Howard, William A.},
	booktitle = {The Curry-Howard Isomorphism},
	year = {1995},
	editor = {Philippe De Groote}
}

@Article{ geuvers2009,
author="Geuvers, H.",
title="Proof assistants: History, ideas and future",
journal="Sadhana",
year="2009",
volume="34",
number="1",
pages="3--25",
issn="0973-7677",
doi="10.1007/s12046-009-0001-5",
url="http://dx.doi.org/10.1007/s12046-009-0001-5"
}



@book{ nordstrom1990,
  title={Programming in Martin-L{\"o}fâ€™s Type Theory},
  author={Nordstr{\"o}m, Bengt and Peterson, Kent and Smith, Jan M.},
  year={1990},
  publisher={Oxford Clarendon Press}
}


@book{ thompson1991,
 author = {Thompson, Simon},
 title = {Type Theory and Functional Programming},
 year = {1991},
 isbn = {0-201-41667-0},
 publisher = {Addison Wesley Longman Publishing Co., Inc.},
 address = {Redwood City, CA, USA},
}

@article{ wadler2015,
 author = {Wadler, Philip},
 title = {Propositions As Types},
 journal = {Commun. ACM},
 issue_date = {December 2015},
 volume = {58},
 number = {12},
 month = nov,
 year = {2015},
 issn = {0001-0782},
 pages = {75--84},
 numpages = {10},
 url = {http://doi.acm.org/10.1145/2699407},
 doi = {10.1145/2699407},
 acmid = {2699407},
 publisher = {ACM},
 address = {New York, NY, USA},
}

@MISC { agular2009,
  author = {Agular, Alexandre and Mannaa, Bassel},
  title = {Regular Expressions in Agda},
  year = {2009},
  howpublished = "\url{http://www.cse.chalmers.se/~bassel/regex_agda/report.pdf}"
}

@MISC{ ivor2016,
  key = {I}, 
  title = {Ivor},
  howpublished = {\url{https://eb.host.cs.st-andrews.ac.uk/ivor.php}},
  note = {Accessed: 28th March 2016}
}

@inproceedings{ necula1997,
 author = {Necula, George C.},
 title = {Proof-carrying Code},
 booktitle = {Proceedings of the 24th ACM SIGPLAN-SIGACT Symposium on Principles of Programming Languages},
 series = {POPL '97},
 year = {1997},
 isbn = {0-89791-853-3},
 location = {Paris, France},
 pages = {106--119},
 numpages = {14},
 url = {http://doi.acm.org/10.1145/263699.263712},
 doi = {10.1145/263699.263712},
 acmid = {263712},
 publisher = {ACM},
 address = {New York, NY, USA},
}

@inproceedings{ letouzey2008,
 author = {Letouzey, Pierre},
 title = {Extraction in Coq: An Overview},
 booktitle = {Proceedings of the 4th Conference on Computability in Europe: Logic and Theory of Algorithms},
 series = {CiE '08},
 year = {2008},
 isbn = {978-3-540-69405-2},
 location = {Athens, Greece},
 pages = {359--369},
 numpages = {11},
 url = {http://dx.doi.org/10.1007/978-3-540-69407-6_39},
 doi = {10.1007/978-3-540-69407-6_39},
 acmid = {1424088},
 publisher = {Springer-Verlag},
 address = {Berlin, Heidelberg},
}

@article{ thompson1968,
 author = {Thompson, Ken},
 title = {Programming Techniques: Regular Expression Search Algorithm},
 journal = {Commun. ACM},
 issue_date = {June 1968},
 volume = {11},
 number = {6},
 month = jun,
 year = {1968},
 issn = {0001-0782},
 pages = {419--422},
 numpages = {4},
 url = {http://doi.acm.org/10.1145/363347.363387},
 doi = {10.1145/363347.363387},
 acmid = {363387},
 publisher = {ACM},
 address = {New York, NY, USA},
 keywords = {match, regular expression, search},
}


@inproceedings{ doczkal2013,
 author = {Doczkal, Christian and Kaiser, Jan-Oliver and Smolka, Gert},
 title = {A Constructive Theory of Regular Languages in Coq},
 booktitle = {Proceedings of the Third International Conference on Certified Programs and Proofs - Volume 8307},
 year = {2013},
 isbn = {978-3-319-03544-4},
 pages = {82--97},
 numpages = {16},
 url = {http://dx.doi.org/10.1007/978-3-319-03545-1_6},
 doi = {10.1007/978-3-319-03545-1_6},
 acmid = {2695039},
 publisher = {Springer-Verlag New York, Inc.},
 address = {New York, NY, USA},
 keywords = {Coq, Myhill-Nerode, Ssreflect, finite automata, regular expressions, regular languages},
} 


@incollection{ gonthier2008,
 author = {Gonthier, Georges},
 title = {The Four Colour Theorem: Engineering of a Formal Proof},
 booktitle = {Computer Mathematics},
 editor = {Kapur, Deepak},
 year = {2008},
 isbn = {978-3-540-87826-1},
 pages = {333--333},
 numpages = {1},
 url = {http://dx.doi.org/10.1007/978-3-540-87827-8_28},
 doi = {10.1007/978-3-540-87827-8_28},
 acmid = {1425783},
 publisher = {Springer-Verlag},
 address = {Berlin, Heidelberg},
} 
